@misc{Open_star_clusters,
author = {Frommert, Kronberg},
title = {Open Star Clusters},
year = {2007},
link = {seds.org/messier/open.html}
}

@ARTICLE{stellar_wind.py,
       author = {{van der Helm}, Edwin and {Saladino}, Martha I. and {Portegies Zwart}, Simon and {Pols}, Onno},
        title = "{Simulating stellar winds in AMUSE}",
      journal = {\aap},
     keywords = {stars: winds, outflows, methods: numerical, hydrodynamics, Astrophysics - Solar and Stellar Astrophysics, Astrophysics - Astrophysics of Galaxies, Astrophysics - Instrumentation and Methods for Astrophysics},
         year = 2019,
        month = 5,
       volume = {625},
          eid = {A85},
        pages = {A85},
          doi = {10.1051/0004-6361/201732020},
archivePrefix = {arXiv},
       eprint = {1903.11098},
 primaryClass = {astro-ph.SR},
       adsurl = {https://ui.adsabs.harvard.edu/abs/2019A&A...625A..85V},
      adsnote = {Provided by the SAO/NASA Astrophysics Data System}
}

@ARTICLE{salpeter,
       author = {{Salpeter}, Edwin E.},
        title = "{The Luminosity Function and Stellar Evolution.}",
      journal = {\apj},
         year = 1955,
        month = 1,
       volume = {121},
        pages = {161},
          doi = {10.1086/145971},
       adsurl = {https://ui.adsabs.harvard.edu/abs/1955ApJ...121..161S},
      adsnote = {Provided by the SAO/NASA Astrophysics Data System}
}

@ARTICLE{star-formation-efficiency,
       author = {{Williams}, Jonathan P. and {McKee}, Christopher F.},
        title = "{The Galactic Distribution of OB Associations in Molecular Clouds}",
      journal = {\apj},
     keywords = {ISM: H II Regions, ISM: Clouds, ISM: Molecules, Galaxy: Open Clusters and Associations: General, Stars: Formation},
         year = 1997,
        month = 2,
       volume = {476},
       number = {1},
        pages = {166-183},
          doi = {10.1086/303588},
       adsurl = {https://ui.adsabs.harvard.edu/abs/1997ApJ...476..166W},
      adsnote = {Provided by the SAO/NASA Astrophysics Data System}
}

@ARTICLE{lada2003,
       author = {{Lada}, Charles J. and {Lada}, Elizabeth A.},
        title = "{Embedded Clusters in Molecular Clouds}",
      journal = {\araa},
     keywords = {Astrophysics},
         year = 2003,
        month = 1,
       volume = {41},
        pages = {57-115},
          doi = {10.1146/annurev.astro.41.011802.094844},
archivePrefix = {arXiv},
       eprint = {astro-ph/0301540},
 primaryClass = {astro-ph},
       adsurl = {https://ui.adsabs.harvard.edu/abs/2003ARA&A..41...57L},
      adsnote = {Provided by the SAO/NASA Astrophysics Data System}
}

@ARTICLE{girardi2002,
       author = {{Girardi}, L. and {Bertelli}, G. and {Bressan}, A. and {Chiosi}, C. and {Groenewegen}, M.~A.~T. and {Marigo}, P. and {Salasnich}, B. and {Weiss}, A.},
        title = "{Theoretical isochrones in several photometric systems. I. Johnson-Cousins-Glass, HST/WFPC2, HST/NICMOS, Washington, and ESO Imaging Survey filter sets}",
      journal = {\aap},
     keywords = {stars: fundamental parameters, Hertzprung-Russell (HR) and C-M diagrams, Astrophysics},
         year = 2002,
        month = 8,
       volume = {391},
        pages = {195-212},
          doi = {10.1051/0004-6361:20020612},
archivePrefix = {arXiv},
       eprint = {astro-ph/0205080},
 primaryClass = {astro-ph},
       adsurl = {https://ui.adsabs.harvard.edu/abs/2002A&A...391..195G},
      adsnote = {Provided by the SAO/NASA Astrophysics Data System}
}

@ARTICLE{simon-open-clusters,
       author = {{Pelupessy}, F.~I. and {Portegies Zwart}, S.},
        title = "{The evolution of embedded star clusters}",
      journal = {\mnras},
     keywords = {hydrodynamics, galaxies: star clusters: general, galaxies: star formation, Astrophysics - Solar and Stellar Astrophysics},
         year = 2012,
        month = 2,
       volume = {420},
       number = {2},
        pages = {1503-1517},
          doi = {10.1111/j.1365-2966.2011.20137.x},
archivePrefix = {arXiv},
       eprint = {1111.0992},
 primaryClass = {astro-ph.SR},
       adsurl = {https://ui.adsabs.harvard.edu/abs/2012MNRAS.420.1503P},
      adsnote = {Provided by the SAO/NASA Astrophysics Data System}
}



@book{AMUSE_book,
author = {{Portegies Zwart}, Simon and {McMillan}, Steve},
title = {Astrophysical Recipes; The art of AMUSE},
publisher = {IOP Publishing},
year = {2018},
series = {2514-3433},
isbn = {978-0-7503-1320-9},
doi = {10.1088/978-0-7503-1320-9}
}
%%%%%%%%%%%%%%%%%%%%%%%%%%%%%%%%%%%%%%%%%%%%%%%%%%%%%%%%%%%%%
% Alle Amuse modules hieronder, andere references hierboven %
%%%%%%%%%%%%%%%%%%%%%%%%%%%%%%%%%%%%%%%%%%%%%%%%%%%%%%%%%%%%%

%% Voor ph4 moet je AMUSE_book referencen!

@ARTICLE{AMUSE-FractalCluster,
       author = {{Goodwin}, S.~P. and {Whitworth}, A.~P.},
        title = "{The dynamical evolution of fractal star clusters: The survival of substructure}",
      journal = {\aap},
     keywords = {stellar dynamics, open clusters and associations: general, Astrophysics},
         year = 2004,
        month = 1,
       volume = {413},
        pages = {929-937},
          doi = {10.1051/0004-6361:20031529},
archivePrefix = {arXiv},
       eprint = {astro-ph/0310333},
 primaryClass = {astro-ph},
       adsurl = {https://ui.adsabs.harvard.edu/abs/2004A&A...413..929G},
      adsnote = {Provided by the SAO/NASA Astrophysics Data System}
}

@ARTICLE{AMUSE-SeBa1,
       author = {{Portegies Zwart}, S.~F. and {Verbunt}, F.},
        title = "{Population synthesis of high-mass binaries.}",
      journal = {\aap},
     keywords = {STARS: BINARIES: CLOSE, STARS: NEUTRON, STARS: SUPERNOVAE, STARS: EVOLUTION},
         year = 1996,
        month = 5,
       volume = {309},
        pages = {179-196},
       adsurl = {https://ui.adsabs.harvard.edu/abs/1996A&A...309..179P},
      adsnote = {Provided by the SAO/NASA Astrophysics Data System}
}

@ARTICLE{AMUSE-SeBa2,
       author = {{Toonen}, S. and {Nelemans}, G. and {Portegies Zwart}, S.},
        title = "{Supernova Type Ia progenitors from merging double white dwarfs. Using a new population synthesis model}",
      journal = {\aap},
     keywords = {binaries: close, stars: evolution, white dwarfs, supernovae: general, Astrophysics - High Energy Astrophysical Phenomena, Astrophysics - Solar and Stellar Astrophysics},
         year = 2012,
        month = 10,
       volume = {546},
          eid = {A70},
        pages = {A70},
          doi = {10.1051/0004-6361/201218966},
archivePrefix = {arXiv},
       eprint = {1208.6446},
 primaryClass = {astro-ph.HE},
       adsurl = {https://ui.adsabs.harvard.edu/abs/2012A&A...546A..70T},
      adsnote = {Provided by the SAO/NASA Astrophysics Data System}
}

@ARTICLE{AMUSE-Fi1,
       author = {{Hernquist}, Lars and {Katz}, Neal},
        title = "{TREESPH: A Unification of SPH with the Hierarchical Tree Method}",
      journal = {\apjs},
     keywords = {Computational Fluid Dynamics, Computerized Simulation, Data Smoothing, Magnetohydrodynamics, Trees (Mathematics), Dynamical Systems, Many Body Problem, Monte Carlo Method, Spatial Resolution, Fluid Mechanics and Heat Transfer, HYDRODYNAMICS, NUMERICAL METHODS},
         year = 1989,
        month = 6,
       volume = {70},
        pages = {419},
          doi = {10.1086/191344},
       adsurl = {https://ui.adsabs.harvard.edu/abs/1989ApJS...70..419H},
      adsnote = {Provided by the SAO/NASA Astrophysics Data System}
}

@ARTICLE{AMUSE-Fi2,
       author = {{Pelupessy}, F.~I. and {van der Werf}, P.~P. and {Icke}, V.},
        title = "{Periodic bursts of star formation in irregular galaxies}",
      journal = {\aap},
     keywords = {methods: numerical, methods: N-body simulations, galaxies: dwarf, Galaxy: evolution, galaxies: ISM, galaxies: irregular, Astrophysics},
         year = 2004,
        month = 7,
       volume = {422},
        pages = {55-64},
          doi = {10.1051/0004-6361:20047071},
archivePrefix = {arXiv},
       eprint = {astro-ph/0404163},
 primaryClass = {astro-ph},
       adsurl = {https://ui.adsabs.harvard.edu/abs/2004A&A...422...55P},
      adsnote = {Provided by the SAO/NASA Astrophysics Data System}
}

@PHDTHESIS{AMUSE-Fi3,
       author = {{Pelupessy}, F.~I.},
        title = "{Numerical studies of the interstellar medium on galactic scales}",
       school = {Leiden Observatory},
         year = 2005,
        month = 3,
       adsurl = {https://ui.adsabs.harvard.edu/abs/2005PhDT........17P},
      adsnote = {Provided by the SAO/NASA Astrophysics Data System}
}

@ARTICLE{AMUSE-Fi4,
       author = {{Gerritsen}, J.~P.~E. and {Icke}, V.},
        title = "{Star formation in N-body simulations. I. The impact of the stellar ultraviolet radiation on star formation.}",
      journal = {\aap},
     keywords = {GALAXIES: EVOLUTION, GALAXIES: SPIRAL, HYDRODYNAMICS, METHODS: NUMERICAL},
         year = 1997,
        month = 9,
       volume = {325},
        pages = {972-986},
       adsurl = {https://ui.adsabs.harvard.edu/abs/1997A&A...325..972G},
      adsnote = {Provided by the SAO/NASA Astrophysics Data System}
}

@ARTICLE{AMUSE1,
       author = {{Portegies Zwart}, S. and {McMillan}, S.~L.~W. and {van Elteren}, E. and {Pelupessy}, I. and {de Vries}, N.},
        title = "{Multi-physics simulations using a hierarchical interchangeable software interface}",
      journal = {Computer Physics Communications},
     keywords = {Computer applications, Physical sciences and engineering, Astronomy, Computing methodologies: simulation modeling, and visualization, Distributed computing, Astrophysics - Instrumentation and Methods for Astrophysics, Physics - Computational Physics},
         year = 2013,
        month = 3,
       volume = {184},
       number = {3},
        pages = {456-468},
          doi = {10.1016/j.cpc.2012.09.024},
archivePrefix = {arXiv},
       eprint = {1204.5522},
 primaryClass = {astro-ph.IM},
       adsurl = {https://ui.adsabs.harvard.edu/abs/2013CoPhC.184..456P},
      adsnote = {Provided by the SAO/NASA Astrophysics Data System}
}


@ARTICLE{AMUSE2,
       author = {{Pelupessy}, F.~I. and {van Elteren}, A. and {de Vries}, N. and {McMillan}, S.~L.~W. and {Drost}, N. and {Portegies Zwart}, S.~F.},
        title = "{The Astrophysical Multipurpose Software Environment}",
      journal = {\aap},
     keywords = {methods: numerical, hydrodynamics, radiative transfer, stars: evolution, stars: kinematics and dynamics, Astrophysics - Instrumentation and Methods for Astrophysics},
         year = 2013,
        month = 9,
       volume = {557},
          eid = {A84},
        pages = {A84},
          doi = {10.1051/0004-6361/201321252},
archivePrefix = {arXiv},
       eprint = {1307.3016},
 primaryClass = {astro-ph.IM},
       adsurl = {https://ui.adsabs.harvard.edu/abs/2013A&A...557A..84P},
      adsnote = {Provided by the SAO/NASA Astrophysics Data System}
}

@ARTICLE{AMUSE3,
       author = {{Portegies Zwart}, Simon and {McMillan}, Steve and {Harfst}, Stefan and {Groen}, Derek and {Fujii}, Michiko and {Nuall{\'a}in}, Breannd{\'a}n {\'O}. and {Glebbeek}, Evert and {Heggie}, Douglas and {Lombardi}, James and {Hut}, Piet and {Angelou}, Vangelis and {Banerjee}, Sambaran and {Belkus}, Houria and {Fragos}, Tassos and {Fregeau}, John and {Gaburov}, Evghenii and {Izzard}, Rob and {Juri{\'c}}, Mario and {Justham}, Stephen and {Sottoriva}, Andrea and {Teuben}, Peter and {van Bever}, Joris and {Yaron}, Ofer and {Zemp}, Marcel},
        title = "{A multiphysics and multiscale software environment for modeling astrophysical systems}",
      journal = {\na},
     keywords = {Gravitation, Stellar dynamics, Stellar evolution, Gas dynamics, Radiative transport, Methods: simulation, Methods: numerical, Astrophysics},
         year = 2009,
        month = 5,
       volume = {14},
       number = {4},
        pages = {369-378},
          doi = {10.1016/j.newast.2008.10.006},
archivePrefix = {arXiv},
       eprint = {0807.1996},
 primaryClass = {astro-ph},
       adsurl = {https://ui.adsabs.harvard.edu/abs/2009NewA...14..369P},
      adsnote = {Provided by the SAO/NASA Astrophysics Data System}
}

@ARTICLE{AMUSE-molecular-cloud,
       author = {{Bate}, Matthew R. and {Bonnell}, Ian A. and {Bromm}, Volker},
        title = "{The formation of a star cluster: predicting the properties of stars and brown dwarfs}",
      journal = {\mnras},
     keywords = {accretion, accretion discs, hydrodynamics, binaries: general, stars: formation, stars: low-mass, brown dwarfs, stars: luminosity function, mass function, Astrophysics},
         year = 2003,
        month = mar,
       volume = {339},
       number = {3},
        pages = {577-599},
          doi = {10.1046/j.1365-8711.2003.06210.x},
archivePrefix = {arXiv},
       eprint = {astro-ph/0212380},
 primaryClass = {astro-ph},
       adsurl = {https://ui.adsabs.harvard.edu/abs/2003MNRAS.339..577B},
      adsnote = {Provided by the SAO/NASA Astrophysics Data System}
}

